
%------------------------------------------------------------------------------

@online{lebigdata_01,
title = {Computer vision ou vision par ordinateur : tout savoir sur cette technologie d'IA},
howpublished = {\url{https://www.lebigdata.fr/computer-vision-definition}},
note = {(Accessed on 03/31/2023)}
}

%------------------------------------------------------------------------------

@online{ibm_01,
title = {Qu'est-ce que la Computer Vision ? | IBM},
howpublished = {\url{https://www.ibm.com/fr-fr/topics/computer-vision}},
month = {},
note = {(Accessed on 03/31/2023)}
}

%------------------------------------------------------------------------------

@online{ibm_02,
title = {What is Artificial Intelligence (AI) ? | IBM},
howpublished = {\url{https://www.ibm.com/topics/artificial-intelligence}},
note = {(Accessed on 04/17/2023)}
}

%------------------------------------------------------------------------------

@online{intel_01,
title = {Qu'est-ce que la vision par ordinateur ?},
howpublished = {\url{https://www.intel.fr/content/www/fr/fr/internet-of-things/computer-vision/overview.html}},
note = {(Accessed on 03/31/2023)}
}

%------------------------------------------------------------------------------

@article{q_learning_01,
  title = {Q-Learning},
  author = {Watkins, Christopher J. C. and Dayan, Peter},
  journal = {Machine Learning},
  volume = {8},
  number = {3-4},
  pages = {279-292},
  year = {1992},
  publisher = {Springer},
}
%------------------------------------------------------------------------------

@article{policy_gradient_01,
  title = {Policy Gradient Methods for Reinforcement Learning with Function Approximation},
  author = {Sutton, Richard S. and Barto, Andrew G.},
  journal = {Advances in Neural Information Processing Systems (NIPS)},
  year = {2000},
}
%------------------------------------------------------------------------------

@book{MLP_simon2004machine,
  title={Machine learning: A theoretical approach},
  author={Simon, Steven E and Levy, Mark A},
  year={2004},
  publisher={The MIT Press}
}

@book{RNN_goodfellow2016deep,
  title={Deep learning},
  author={Goodfellow, Ian and Bengio, Yoshua and Courville, Aaron},
  year={2016},
  publisher={MIT Press}
}

@book{Deep_learning_goodfellow2016deep,
  title={Deep learning},
  author={Goodfellow, Ian and Bengio, Yoshua and Courville, Aaron},
  year={2016},
  publisher={The MIT Press},
  pages={1--5}
}

@article{CNN_lecun1998gradient,
  title={Gradient-based learning applied to document recognition},
  author={LeCun, Yann and Bottou, Léon and Bengio, Yoshua and Haffner, Patrick},
  journal={Proceedings of the IEEE},
  volume={86},
  number={11},
  pages={2278--2324},
  year={1998},
  publisher={IEEE}
}

@article{auto-encodeurs_hinton2006reducing,
  title={Reducing the dimensionality of data with neural networks},
  author={Hinton, Geoffrey E and Salakhutdinov, Ruslan R},
  journal={science},
  volume={313},
  number={5786},
  pages={504--507},
  year={2006},
  publisher={American Association for the Advancement of Science}
}

@book{rna_goodfellow2016deep,
  title={Deep learning},
  author={Goodfellow, Ian and Bengio, Yoshua and Courville, Aaron},
  year={2016},
  publisher={The MIT Press},
  pages={1--5}
}

@book{non_supervise_goodfellow2016deep,
  title={Deep Learning},
  author={Goodfellow, Ian and Bengio, Yoshua and Courville, Aaron},
  year={2016},
  publisher={The MIT Press},
  pages={4--6}
}

@article{Deep_learning_lecun2015deep,
  title={Deep learning},
  author={LeCun, Yann and Bengio, Yoshua and Hinton, Geoffrey E},
  journal={nature},
  volume={521},
  number={7553},
  pages={436--444},
  year={2015},
  publisher={Springer Nature}
}

@book{supervise_goodfellow2016deep,
  title={Deep Learning},
  author={Goodfellow, Ian and Bengio, Yoshua and Courville, Aaron},
  year={2016},
  publisher={The MIT Press},
  pages={2--4}
}

@online{Questceq75,
author = {},
title = {Qu'est-ce que l'intelligence artificielle (IA) ? | IBM},
howpublished = {\url{https://www.ibm.com/fr-fr/topics/artificial-intelligence}},
month = {},
year = {},
note = {(Accessed on 08/01/2023)}
}

@article{semi-supervise_chapelle2006semi,
  title={Semi-supervised learning},
  author={Chapelle, Olivier and Vapnik, Vladimir N},
  journal={The Journal of Machine Learning Research},
  volume={7},
  number={2},
  pages={281--317},
  year={2006},
  publisher={JMLR.org}
}

@online{Vision_par_ordinateur_Computer61,
author = {},
title = {Computer Vision Techniques - javaTpoint},
howpublished = {\url{https://www.javatpoint.com/computer-vision-techniques}},
month = {},
year = {},
note = {(Accessed on 08/02/2023)}
}

@online{Transfer_Transfer32,
author = {},
title = {Transfer learning - Wikipedia},
howpublished = {\url{https://en.wikipedia.org/wiki/Transfer_learning}},
note = {(Accessed on 08/02/2023)}
}

@online{Transfer_WhatIsTr80,
author = {},
title = {What Is Transfer Learning? A Guide for Deep Learning | Built In},
howpublished = {\url{https://builtin.com/data-science/transfer-learning}},
note = {(Accessed on 08/02/2023)}
}

@online{Transfer_Transfer45,
author = {},
title = {Transfer learning and fine-tuning  |  TensorFlow Core},
howpublished = {\url{https://www.tensorflow.org/tutorials/images/transfer_learning}},
note = {(Accessed on 08/02/2023)}
}

@online{cnn_Agronomy86,
author = {},
title = {Agronomy | Free Full-Text | Computer Vision and Deep Learning for Precision Viticulture},
howpublished = {\url{https://www.mdpi.com/2073-4395/12/10/2463}},
note = {(Accessed on 08/31/2023)}
}

@online{makina-corpus,
  author = {Makina Corpus},
  title = {Extraction d'objets pour la cartographie par Deep Learning : Choix du modèle},
  howpublished = {\url{https://makina-corpus.com/sig-webmapping/extraction-dobjets-pour-la-cartographie-par-deep-learning-choix-du-modele},},
}
@online{vitalflux2023different,
    title={Different Types of CNN Architectures Explained with Examples},
    author={Vitalflux},
    year={2023},
    url={https://vitalflux.com/different-types-of-cnn-architectures-explained-examples/}
}
@online{analyticsvidhya2019vggnet,
    title={VGGNet Architecture Explained},
    author={Analytics Vidhya},
    year={2019},
  howpublished = {\url{https://medium.com/analytics-vidhya/vggnet-architecture-explained-e5c7318aa5b6}}
}
@online{javatpoint2023computer,
    title={Computer Vision Techniques},
    author={Javatpoint},
    year={2023},
    howpublished = {\url{https://www.javatpoint.com/computer-vision-techniques}}
}
@online{simplilearn2023computer,
    title={Computer Vision: Applications, Benefits and How to Learn It},
    author={Simplilearn},
    year={2023},
    howpublished = {\url{https://www.simplilearn.com/computer-vision-article}},
}
@article{redmon2016yolo,
  author = {Joseph Redmon and Santosh Divvala and Ross Girshick and Ali Farhadi},
  title = {You Only Look Once: Unified, Real-Time Object Detection},
  journal = {arXiv preprint arXiv:1506.02640},
  year = {2016},
   howpublished = {\url{https://arxiv.org/abs/1506.02640}},
}
@inproceedings{liu2016ssd,
  author    = {Wei Liu and
               Dragomir Anguelov and
               Dumitru Erhan and
               Christian Szegedy and
               Scott Reed and
               Cheng{-}Yang Fu and
               Alexander C. Berg},
  title     = {{SSD: Single Shot MultiBox Detector}},
  booktitle = {European conference on computer vision},
  pages     = {21--37},
  year      = {2016},
  publisher = {Springer, Cham},
}
@inproceedings{ren2015faster,
  author    = {Shaoqing Ren and
               Kaiming He and
               Ross Girshick and
               Jian Sun},
  title     = {{Faster R-CNN: Towards Real-Time Object Detection with Region Proposal Networks}},
  booktitle = {Advances in Neural Information Processing Systems},
  pages     = {91--99},
  year      = {2015},
}
@online{ren2015fasterarxiv,
  author = {Shaoqing Ren and Kaiming He and Ross Girshick and Jian Sun},
  title = {{Faster R-CNN: Towards Real-Time Object Detection with Region Proposal Networks}},
  year = {2015},
  howpublished = {\url{https://arxiv.org/abs/1504.08083}}
}

@online{AGuideto8,
title = {A Guide to the YOLO Family of Computer Vision Models},
howpublished = {\url{https://dataphoenix.info/a-guide-to-the-yolo-family-of-computer-vision-models/}},
note = {(Accessed on 09/09/2023)}
}

@article{redmon2018yolov3,
  author = {Joseph Redmon and Ali Farhadi},
  title = {YOLOv3: An Incremental Improvement},
  year = {2018},
  journal = {arXiv preprint arXiv:1804.02767},
  howpublished = {\url{https://arxiv.org/abs/1804.02767}},
  note = {(Accessed on 03/30/2023)},
}
@article{bochkovskiy2020yolov4,
  author = {Alexey Bochkovskiy and Chien-Yao Wang and Hong-Yuan Mark Liao},
  title = {YOLOv4: Optimal Speed and Accuracy of Object Detection},
  year = {2020},
  journal = {arXiv preprint arXiv:2004.10934},
   howpublished = {\url{https://arxiv.org/abs/2004.10934}},
  note = {(Accessed on 03/30/2023)}
}
@online{roboflowblog,
  author = {Roboflow},
  title = {YOLOv5 Improvements and Evaluation},
  note = {(Accessed on 03/30/2023)},
   howpublished = {\url{https://blog.roboflow.com/yolov5-improvements-and-evaluation/}}  
}
@online{roboflow_yolov6,
  author = {Roboflow},
  title = {YOLOv6},
  note = {(Accessed on 03/30/2023)},
   howpublished = {\url{https://blog.roboflow.com/yolov6/}}
}
@online{visoai_yolov7,
  author = {Viso AI},
  title = {YOLOv7 Guide},
  note = {(Accessed on 03/30/2023)},
  url = {https://viso.ai/deep-learning/yolov7-guide/}
}
@online{roboflow_yolov8,
  author = {Roboflow},
  title = {What's New in YOLOv8},
  note = {(Accessed on 03/30/2023)},
   howpublished = {\url{https://blog.roboflow.com/whats-new-in-yolov8/}},
}
@online{nomdelareference,
  author = {Ambika Choudhury},
  title = {Top 8 Algorithms For Object Detection},
  note = {(Accessed on 03/30/2023)},
  howpublished = {\url{https://analyticsindiamag.com/top-8-algorithms-for-object-detection/#h-5-region-based-fully-convolutional-network-r-fcn}}
}

@online{ch4_ocr_Tesserac35,
title = {Tesseract documentation | Tesseract OCR},
howpublished = {\url{https://tesseract-ocr.github.io/}},
note = {(Accessed on 09/08/2023)}
}

@online{parking,
  author = {{Wikipedia}},
  title = {{Parking}},
  year = {23/02/2023},
howpublished = {\url{https://fr.wikipedia.org/wiki/Parking}}
}

@online{evo-park,
  author = {NANCY CONSTRUCTION},
  title = {evo-park},
  year = {4/3/2023},
  howpublished = {\url{https://www.evo-park.com/guide-comparatif-types-parking/}},
  note = {Page Web},
}

@online{lepermislibre,
  title = {{Les différents types de parking}},
  year = {5/03/2023},
    howpublished = {\url{https://www.lepermislibre.fr/code-route/cours/differents-types-parking/}},
  note = {Page Web},
}
@online{yespark-lexique,
  title = {{Que faut-il savoir sur les parkings souterrains}},
  year = {6/5/2023},
   howpublished = {\url{https://www.yespark.fr/edito/lexique-parking/parking-souterrain/}},
  note = {Page Web}
}
@online{ch2_KerasApp87,
title = {Keras Applications},
howpublished = {\url{https://keras.io/api/applications/}},
note = {(Accessed on 09/09/2023)}
}
@online{blog-direct-signaletique,
  title = {{Aménager un parking extérieur}},
  year = {Accessed on 09/04/2023},
   howpublished = {\url{https://www.blog-direct-signaletique.com/amenagement-parking/}},
  note = {Page Web},
}

@online{ch2_The5Comp69,
  title = {The 5 Computer Vision Techniques That Will Change How You See The World},
  howpublished = {https://heartbeat.comet.ml/the-5-computer-vision-techniques-that-will-change-how-you-see-the-world-1ee19334354b},
  note = {Accessed on 09/09/2023},
}

@mastersthesis{bensalah-master,
  author = {BENSALAH Seyf Eddine},
  title = {{Optimisation de la gestion d’un parking automatisé}},
  year = {2019},
  school = {UNIVERSITE BADJI MOKHTAR ANNABA},
  type = {Mémoire de Master},
  note = {Mémoire de Master en Automatique et Systèmes},
}
@online{medium-article,
  title = {{Understanding the Inception Module in Googlenet}},
  year = {Accessed on 05/27/2023},
  howpublished = {\url{https://valentinaalto.medium.com/understanding-the-inception-module-in-googlenet-2e1b7c406106}},
  note = {Article en ligne},
}
@online{geeksforgeeks-resnet,
 
  title = {{Residual Networks (ResNet) }},
  year = {09/07/2023},
  url = {https://www.geeksforgeeks.org/residual-networks-resnet-deep-learning/},
  howpublished = {\url},
  note = {Article en ligne},
}
@online{aws-ocr,
  author = {{Amazon Web Services (AWS)}},
  title = {{What is OCR?}},
  year = {04/06/2023},
  howpublished = {\url{https://aws.amazon.com/fr/what-is/ocr/}},
  note = {Page Web},
}


@online{ch2_YOLOdéte70,
title = {YOLO : détection sur les images avec TensorFlow | Blent.ai},
howpublished = {\url{https://blent.ai/blog/a/detection-images-yolo-tensorflow}},
note = {(Accessed on 09/09/2023)}
}

@online{moov-ai-blog,
  
  title = {{Un guide facile pour comprendre la reconnaissance optique de caractères (OCR)}},
  year = {Année de publication (ou année de consultation)},
  url = {https://moov.ai/fr/blog/reconnaissance-optique-de-caracteres-ocr},
  howpublished = {\url},
  note = {(Accessed on 05/09/2023)},
}
@online{v7labs-ml-metrics,

  title = {{Top Performance Metrics in Machine Learning: A Comprehensive Guide}},
  year = {(Accessed on 05/09/2023)},
  howpublished = {\url{https://www.v7labs.com/blog/performance-metrics-in-machine-learning}},
  note = {Article ligne},
}
@online{datascientest-pytorch,
  title = {{PyTorch: all about Facebook’s Deep Learning framework}},
  year = {(Accessed on 09/09/2023)},
  howpublished = {\url{https://datascientest.com/en/pytorch-all-about-this-framework}},
  note = {Article en ligne},
}

@online{ch2_TopPerfo6,
title = {Top Performance Metrics in Machine Learning: A Comprehensive Guide},
howpublished = {\url{https://www.v7labs.com/blog/performance-metrics-in-machine-learning?fbclid=IwAR2pvwBOhE-fDECIb5Xaqzids9svxliI0kNbqwzMvCQAmnUnm2B25Bai2qw}},
note = {(Accessed on 09/09/2023)}
}

@online{ch2_GitHubTe84,
title = {GitHub - Tencent/ncnn: ncnn is a high-performance neural network inference framework optimized for the mobile platform},
howpublished = {\url{https://github.com/Tencent/ncnn}},
note = {(Accessed on 09/09/2023)}
}

@online{ch2_Transpor19,
title = {Transport Department - Electronic Parking Meters},
howpublished = {\url{https://www.td.gov.hk/en/transport_in_hong_kong/its/its_achievements/electronic_parking_meters/index.html}},
note = {(Accessed on 09/10/2023)}
}
@online{wikipedia-plaque-immatriculation,
  author = {{Wikipédia}},
  title = {{Plaque d'immatriculation}},
  year = {(Accessed on 01/09/2023)},
  url = {https://fr.wikipedia.org/wiki/Plaque_d%27immatriculation},
  note = {Page Wikipédia en ligne},
}

@misc{akacem2015reconnaissance,
  author = {AKACEM, Oum el kheir and RAHMANI, Nassira},
  title = {{Système de reconnaissance des plaques d'immatriculation Algérienne}},
  year = {Année Universitaire 2014/2015},
  school = {Université d’Adrar},
  type = {Mémoire de Master},
  note = {Mémoire de Master en Réseaux et Systèmes Intelligents},
}
@mastersthesis{boukemoum-master,
  author = {Boukemoum Zakarya},
  title = {Détection des véhicules par Histogramme Orienté Gradient},
  year = {2019},
  school = {Université de Guelma},
  type = {Mémoire de Fin d'études Master},
}
@online{ch4_EasyOCRsdsdsd,
  author = {Mohamed Hasan},
  title = {OCR with Deep Learning in PyTorch (EasyOCR)},
  
  url = {https://eng-mhasan.medium.com/ocr-with-deep-learning-in-python-e443970d09e4},
  note = {(Accessed on 09/09/2023)},
}
@online{openalpr-readme,
  author = {matthill},
  title = {{openalpr/openalpr}},
  url = {https://github.com/openalpr/openalpr/blob/master/README.md},
  note = {(Accessed on 07/09/2023)},
}
@online{tesseract-ocr-guide,
  author = {Ng Wai Foong},
  title = {Beginner's Guide to Tesseract OCR Using Python},
  year = {03/06/2019},
  url = {https://betterprogramming.pub/beginners-guide-to-tesseract-ocr-using-python-10ecbb426c3d},
  note = {(Accessed on 07/09/2023)},
}
@mastersthesis{abdouche-memoire,
  author = {ABDOUCHE Anissa and ALLOUCHE Maroua},
  title = {Détection et Comptage des Véhicules avec Deep Learning},
  year = {2021},
  school = {université yahia fares Médéa},
  type = {Mémoire de Projet de Fin d'Études},
}
@mastersthesis{guendouz-master,
  author = {Guendouz Ahmed Dhiya Eddine},
  title = {Conception et Réalisation d'un Système de Reconnaissance Automatique des Plaques d'Immatriculation Algériennes},
  year = {2020},
  school = {Université Larbi Ben M’hidi Oum El Bouaghi},
  type = {Mémoire de Master},
  
}
@mastersthesis{gadoui-kebir-master,
  author = {GADOUI Siham and KEBIR Fatima},
  title = {Lecture Automatique de Plaques d'Immatriculation par les Machines à Vecteurs de Support},
  year = {2020},
  school = {Université Ahmed Draia – Adrar},
  type = {Mémoire de Master},
  
}
@mastersthesis{hammoudi-kechra-master,
  author = {HAMMOUDI Mahmoud and KECHRA Radhouane Abdelkhaliq},
  title = {Systèmes d'Identification Automatique des Véhicules},
  year = {2022},
  school = {UNIVERSITE IBN KHALDOUN - TIARET},
  type = {Mémoire de Master}, 
}
@article{bens,
  author = {Mouad Bensouilah and Mohamed Nadjib Zennir and Mokhtar Taffar},
  title = {An ALPR System-based Deep Networks for the Detection and 
   Recognition},
  year = {2021},
school = {Department of Computer Science, Jijel University},
  
}
@inproceedings{zibani,
  author = {Rezki Zibani and Faouzi Sebbak and Mohamed El Yazid Boudaren and M’hamed Mataoui and Massinissa Touabi and Houssam Hfaifia},
  title = {A New Fusion-Based Approach for License Plate Recognition: An Application to the Algerian Context},
  year = {2022}, 
}
@online{license-dataset,
  author = {Mouad Bensouilah},
  title = {{License Plates of Algeria Dataset}},
  year = {2021},
  url = {https://github.com/mouadb0101/License_Plates_of_Algeria_Dataset},
}

@misc{ch3_opendeep,
title = {Installation/Getting Started},
howpublished = {\url{http://www.opendeep.org/docs}},
note = {(Accessed on 09/13/2023)}
}

@misc{ch3_KerasDee40,
title = {Keras: Deep Learning for humans},
howpublished = {\url{https://keras.io/}},
note = {(Accessed on 09/13/2023)}
}

@misc{ch3_TensorFlow,
title = {Introduction to TensorFlow},
howpublished = {\url{https://www.tensorflow.org/learn}},
note = {(Accessed on 09/13/2023)}
}

@misc{ch4_OpenALPR81,
title = {OpenALPR - Automatic License Plate Recognition},
howpublished = {\url{https://www.openalpr.com/}},
note = {(Accessed on 09/13/2023)}
}

@misc{ch4_EasyOCRV83,
title = {Easy OCR - Vital Vision Technology Pte Ltd},
howpublished = {\url{https://vitalvisiontechnology.com/easy-ocr/#:~:text=Easy%20OCR%20is%20a%20font,dates%2C%20lot%20codes%2C%20%E2%80%A6)}},
note = {(Accessed on 09/13/2023)}
}

@misc{ch2_ocr_definitionxcs,
title = {Comprendre la reconnaissance optique de caractères : le guide - Moov AI},
howpublished = {\url{https://moov.ai/fr/blog/reconnaissance-optique-de-caracteres-ocr}},
note = {(Accessed on 09/13/2023)}
}